
@article{Losier2001,
  title = {A review of the evidence for a disengage deficit following parietal lobe damage},
  volume = {25},
  timestamp = {2015-03-20 00:59:09},
  number = {1},
  journaltitle = {Neuroscience and biobehavioral reviews},
  shortjournal = {Neurosci. Biobehav. Rev.},
  author = {Losier, B. J. and Klein, R. M.},
  date = {2001-01},
  pages = {1--13}
}

@article{Albano1996,
  title = {Adaptive Changes in Saccade Amplitude: Oculocentric or Orbitocentric Mapping?},
  volume = {36},
  issn = {0042-6989},
  doi = {10.1016/0042-6989(96)89627-1},
  shorttitle = {Adaptive Changes in Saccade Amplitude},
  timestamp = {2015-03-20 00:59:18},
  number = {14},
  journaltitle = {Vision Research},
  shortjournal = {Vision Research},
  author = {Albano, Joanne E.},
  date = {1996-07},
  pages = {2087--2098}
}

@article{Pisella2002,
  title = {Dissociated long lasting improvements of straight-ahead pointing and line bisection tasks in two hemineglect patients},
  volume = {40},
  timestamp = {2015-03-21 05:49:55},
  number = {3},
  journaltitle = {Neuropsychologia},
  shortjournal = {Neuropsychologia},
  author = {Pisella, L. and Rode, G. and Farnè, Alessandro and Boisson, D. and Rossetti, Y.},
  date = {2002},
  pages = {327--34}
}

@article{Bruno2007,
  title = {Influence of saccadic adaptation on spatial localization: Comparison of verbal and pointing reports},
  volume = {7},
  issn = {1534-7362},
  shorttitle = {Influence of saccadic adaptation on spatial localization},
  timestamp = {2015-03-20 01:00:22},
  number = {5},
  journaltitle = {Journal of vision},
  shortjournal = {J. Vis.},
  author = {Bruno, A. and Morrone, M. C},
  date = {2007}
}

@article{Halligan2003,
  title = {Spatial cognition: evidence from visual neglect},
  volume = {7},
  timestamp = {2015-03-20 01:00:56},
  number = {3},
  journaltitle = {Trends in cognitive sciences},
  shortjournal = {Trends Cogn. Sci.},
  author = {Halligan, P. W. and Fink, G. R. and Marshall, J. C. and Vallar, G.},
  date = {2003-03},
  pages = {125--133}
}

@article{Danckert2008,
  title = {Direct effects of prismatic lenses on visuomotor control: an event-related functional {MRI} study.},
  volume = {28},
  doi = {10.1111/j.1460-9568.2008.06460.x},
  timestamp = {2014-07-15 17:56:12},
  number = {8},
  journaltitle = {The European journal of neuroscience},
  shortjournal = {Eur. J. Neurosci.},
  author = {Danckert, James and Ferber, Susanne and Goodale, Melvyn A},
  date = {2008-10},
  pages = {1696--1704}
}

@article{Striemer2010dpm,
  title = {Dissociating perceptual and motor effects of prism adaptation in neglect},
  volume = {21},
  url = {http://journals.lww.com/neuroreport/Abstract/2010/04210/Dissociating_perceptual_and_motor_effects_of_prism.9.aspx},
  timestamp = {2015-03-20 01:01:49},
  number = {6},
  journaltitle = {Neuroreport},
  shortjournal = {Neuroreport},
  author = {Striemer, Christopher L. and Danckert, James},
  date = {2010},
  pages = {436--441}
}

@article{Panouilleres2012,
  title = {Transcranial magnetic stimulation and motor plasticity in human lateral cerebellum: Dual effect on saccadic adaptation},
  volume = {33},
  rights = {Copyright © 2011 Wiley-Liss, Inc.},
  issn = {1097-0193},
  doi = {10.1002/hbm.21301},
  shorttitle = {Transcranial magnetic stimulation and motor plasticity in human lateral cerebellum},
  timestamp = {2014-07-14 17:56:11},
  number = {7},
  journaltitle = {Human Brain Mapping},
  shortjournal = {Hum. Brain Mapp.},
  author = {Panouillères, Muriel and Neggers, Sebastiaan F.W. and Gutteling, Tjerk P. and Salemme, Roméo and Stigchel, Stefan van der and van der Geest, Josef N. and Frens, Maarten A. and Pélisson, Denis},
  date = {2012-07-01},
  pages = {1512--1525},
  langid = {english}
}

@book{Milner2006,
  edition = {2},
  title = {The Visual Brain in Action, Second Edition.},
  isbn = {9780198524731},
  pagetotal = {297},
  timestamp = {2014-07-25 02:48:27},
  publisher = {Oxford University Press, Incorporated},
  author = {Milner, A. David and Goodale, Melvyn A.},
  date = {2006},
  langid = {english}
}

@article{Watanabe2003,
  title = {Saccadic adaptation in the horizontal and vertical directions in normal subjects.},
  volume = {30 Suppl},
  timestamp = {2014-08-13 20:20:04},
  journaltitle = {Auris, nasus, larynx},
  shortjournal = {Auris. Nasus. Larynx},
  author = {Watanabe, Shoji and Ogino, Sadao and Nakamura, Tadashi and Koizuka, Izumi},
  date = {2003-02},
  pages = {S41--S45}
}

@article{Danckert2006,
  title = {Revisiting unilateral neglect.},
  volume = {44},
  doi = {10.1016/j.neuropsychologia.2005.09.004},
  timestamp = {2014-07-15 17:58:39},
  number = {6},
  journaltitle = {Neuropsychologia},
  shortjournal = {Neuropsychologia},
  author = {Danckert, James and Ferber, Susanne},
  date = {2006},
  pages = {987--1006}
}

@article{Ferber2006,
  title = {Lost in space - the fate of memory representations for non-neglected stimuli.},
  volume = {44},
  doi = {10.1016/j.neuropsychologia.2005.04.018},
  timestamp = {2015-03-21 02:07:47},
  number = {2},
  journaltitle = {Neuropsychologia},
  shortjournal = {Neuropsychologia},
  author = {Ferber, Susanne and Danckert, James},
  date = {2006},
  pages = {320--325}
}

@article{Dore-Mazars2005,
  title = {Saccadic adaptation shifts the pre-saccadic attention focus},
  volume = {162},
  issn = {0014-4819, 1432-1106},
  doi = {10.1007/s00221-005-2221-1},
  timestamp = {2014-09-14 16:32:04},
  number = {4},
  journaltitle = {Experimental Brain Research},
  shortjournal = {Exp Brain Res},
  author = {Doré-Mazars, Karine and Collins, Thérèse},
  date = {2005-05-01},
  pages = {537--542},
  langid = {english}
}

@article{Mesulam1981,
  title = {A cortical system for directed attention and unilateral neglect},
  volume = {10},
  timestamp = {2011-04-13 20:55:09},
  journaltitle = {Annals of Neurology},
  shortjournal = {Ann. Neurol.},
  author = {Mesulam, M. M.},
  date = {1981},
  pages = {309--325}
}

@article{Hopp2004,
  title = {The characteristics and neuronal substrate of saccadic eye movement plasticity.},
  volume = {72},
  doi = {10.1016/j.pneurobio.2003.12.002},
  timestamp = {2013-10-06 20:17:44},
  number = {1},
  journaltitle = {Progress in neurobiology},
  shortjournal = {Prog. Neurobiol.},
  author = {Hopp, J. Johanna and Fuchs, Albert F},
  date = {2004-01},
  pages = {27--53}
}

@article{Emrich2012,
  title = {Competition increases binding errors in visual working memory},
  volume = {12},
  issn = {, 1534-7362},
  doi = {10.1167/12.4.12},
  timestamp = {2014-11-19 19:30:36},
  number = {4},
  journaltitle = {Journal of Vision},
  shortjournal = {J Vis},
  author = {Emrich, Stephen M. and Ferber, Susanne},
  date = {2012-04-19},
  pages = {12},
  langid = {english}
}

@article{Posner1984,
  title = {Effects of parietal injury on covert orienting of attention},
  volume = {4},
  timestamp = {2015-03-14 01:39:18},
  number = {7},
  journaltitle = {The Journal of neuroscience},
  shortjournal = {J. Neurosci.},
  author = {Posner, M. I. and Walker, J. A. and Friedrich, F. J. and Rafal, R. D.},
  date = {1984-07},
  pages = {1863--74}
}

@article{Danckert2007,
  title = {Neglected time: impaired temporal perception of multisecond intervals in unilateral neglect.},
  volume = {19},
  doi = {10.1162/jocn.2007.19.10.1706},
  timestamp = {2011-04-13 20:55:09},
  number = {10},
  journaltitle = {Journal of cognitive neuroscience},
  shortjournal = {J. Cogn. Neurosci.},
  author = {Danckert, James and Ferber, Susanne and Pun, Carson and Broderick, Carol and Striemer, Christopher and Rock, Sherry and Stewart, Dwight},
  date = {2007-10},
  pages = {1706--1720}
}

@article{Husain1997,
  title = {Abnormal temporal dynamics of visual attention in spatial neglect patients},
  volume = {385},
  timestamp = {2011-04-13 20:55:09},
  number = {6612},
  journaltitle = {Nature},
  shortjournal = {Nature},
  author = {Husain, M. and Shapiro, K. and Martin, J. and Kennard, C.},
  date = {1997-01-09},
  pages = {154--156}
}

@article{Ferber2003,
  title = {Eye movements tell only half the story.},
  volume = {60},
  timestamp = {2015-03-21 05:47:58},
  number = {11},
  journaltitle = {Neurology},
  shortjournal = {Neurology},
  author = {Ferber, Susanne and Danckert, J. and Joanisse, M. and Goltz, H. C. and Goodale, M. A.},
  date = {2003-06},
  pages = {1826--1829}
}

@article{Rode2001,
  title = {Prism adaptation improves representational neglect},
  volume = {39},
  timestamp = {2011-04-13 20:55:09},
  number = {11},
  journaltitle = {Neuropsychologia},
  shortjournal = {Neuropsychologia},
  author = {Rode, G. and Rossetti, Y. and Boisson, D.},
  date = {2001},
  pages = {1250--4}
}

@article{Dijkerman2003,
  title = {Ocular scanning and perceptual size distortion in hemispatial neglect: effects of prism adaptation and sequential stimulus presentation},
  volume = {153},
  timestamp = {2011-04-13 20:55:09},
  number = {2},
  journaltitle = {Experimental brain research. Experimentelle Hirnforschung. Experimentation cerebrale},
  shortjournal = {Exp. Brain Res. Exp. Hirnforsch. Exp. Cerebrale},
  author = {Dijkerman, H. C. and {McIntosh}, R. D. and Milner, A. D. and Rossetti, Y. and Tilikete, C. and Roberts, R. C.},
  date = {2003-11},
  pages = {220--30}
}

@article{Danckert1997,
  title = {Manipulating the disengage operation of covert visual spatial attention.},
  volume = {59},
  timestamp = {2015-03-21 05:43:37},
  number = {4},
  journaltitle = {Perception \& psychophysics},
  shortjournal = {Percept. Psychophys.},
  author = {Danckert, James and Maruff, P.},
  date = {1997-05},
  pages = {500--508}
}

@inbook{Heilman1993,
  location = {New York},
  title = {Neglect and related disorders},
  timestamp = {2011-04-13 20:55:09},
  series = {Clinical Neuropsychology},
  publisher = {Oxford University Press},
  author = {Heilman, K. M. and Watson, R. T. and Valenstein, E.},
  editor = {Heilman, K. M and Valenstein, E.},
  date = {1993},
  pages = {279--336}
}

@article{Clower1996,
  title = {Role of posterior parietal cortex in the recalibration of visually guided reaching},
  volume = {383},
  doi = {10.1038/383618a0},
  timestamp = {2014-12-06 18:17:35},
  number = {6601},
  journaltitle = {Nature},
  shortjournal = {Nature},
  author = {Clower, D. M. and Hoffman, J. M. and Votaw, J. R. and Faber, T. L. and Woods, R. P. and Alexander, G. E.},
  date = {1996-10-17},
  pages = {618--21}
}

@article{Tilikete2001,
  title = {Prism adaptation to rightward optical deviation improves postural imbalance in left-hemiparetic patients},
  volume = {11},
  timestamp = {2011-04-13 20:55:09},
  number = {7},
  journaltitle = {Current biology},
  shortjournal = {Curr. Biol.},
  author = {Tilikete, C. and Rode, G. and Rossetti, Y. and Pichon, J. and Li, L. and Boisson, D.},
  date = {2001-04-03},
  pages = {524--8}
}

@article{Golla2008,
  title = {Reduced saccadic resilience and impaired saccadic adaptation due to cerebellar disease.},
  volume = {27},
  doi = {10.1111/j.1460-9568.2007.05996.x},
  timestamp = {2014-08-13 19:58:35},
  number = {1},
  journaltitle = {The European journal of neuroscience},
  shortjournal = {Eur. J. Neurosci.},
  author = {Golla, Heidrun and Tziridis, Konstantin and Haarmeier, Thomas and Catz, Nicolas and Barash, Shabtai and Thier, Peter},
  date = {2008-01},
  pages = {132--144}
}

@article{Georg2008,
  title = {Effects of saccadic adaptation on visual localization before and during saccades},
  volume = {192},
  issn = {0014-4819},
  doi = {10.1007/s00221-008-1546-y},
  timestamp = {2011-04-13 21:03:00},
  number = {1},
  journaltitle = {Experimental Brain Research},
  shortjournal = {Exp Brain Res},
  author = {Georg, K. and Lappe, M.},
  date = {2008-08},
  pages = {9--23}
}

@article{Driver1998,
  title = {Parietal neglect and visual awareness},
  volume = {1},
  timestamp = {2011-04-13 20:55:09},
  number = {1},
  journaltitle = {Nature neuroscience},
  shortjournal = {Nat. Neurosci.},
  author = {Driver, J. and Mattingley, J. B.},
  date = {1998-05},
  pages = {17--22}
}

@article{Karnath2001,
  title = {Spatial awareness is a function of the temporal not the posterior parietal lobe},
  volume = {411},
  timestamp = {2015-03-21 05:48:26},
  number = {6840},
  journaltitle = {Nature},
  shortjournal = {Nature},
  author = {Karnath, H. O. and Ferber, Susanne and Himmelbach, M.},
  date = {2001-06-21},
  pages = {950--3}
}

@article{Collins2006,
  title = {Eye movement signals influence perception: Evidence from the adaptation of reactive and volitional saccades},
  volume = {46},
  issn = {0042-6989},
  doi = {10.1016/j.visres.2006.04.004},
  shorttitle = {Eye movement signals influence perception},
  timestamp = {2014-10-05 13:53:09},
  number = {21},
  journaltitle = {Vision Research},
  shortjournal = {Vision Research},
  author = {Collins, Thérèse and Doré-Mazars, Karine},
  date = {2006-10},
  pages = {3659--3673}
}

@article{Sarri2006,
  title = {Prism adaptation changes perceptual awareness for chimeric visual objects but not for chimeric faces in spatial neglect after right-hemisphere stroke},
  volume = {12},
  timestamp = {2011-04-13 20:55:09},
  number = {3},
  journaltitle = {Neurocase},
  shortjournal = {Neurocase},
  author = {Sarri, M. and Kalra, L. and Greenwood, R. and Driver, J.},
  date = {2006-06},
  pages = {127--35}
}

@article{Lvy-Bencheton2012,
  title = {Saccadic adaptation for rehabilitation in hemianopic patients},
  volume = {12},
  url = {http://ww.w.journalofvision.org/content/12/14/41.short},
  timestamp = {2013-10-06 19:52:45},
  number = {14},
  journaltitle = {Journal of Vision},
  shortjournal = {J. Vis.},
  author = {Lvy-Bencheton, Delphine and Plisson, Denis and Prost, Myriam and Jacquin-courtois, Sophie and Gabrielle, Henry and Salemme, Roméo and Pisella, Laure and Tilikete, Caroline},
  date = {2012},
  pages = {41--41}
}

@article{Luaute2006,
  title = {Functional anatomy of the therapeutic effects of prism adaptation on left neglect},
  volume = {66},
  timestamp = {2014-12-08 16:09:05},
  number = {12},
  journaltitle = {Neurology},
  shortjournal = {Neurology},
  author = {Luaute, J. and Michel, C. and Rode, G. and Pisella, L. and Jacquin-Courtois, S. and Costes, N. and Cotton, F. and Bars, D. le and Boisson, D. and Halligan, P. and Rossetti, Y.},
  date = {2006-06-27},
  pages = {1859--67}
}

@article{Vallar1986,
  title = {The anatomy of unilateral neglect after right-hemisphere stroke lesions. A clinical/{CT}-scan correlation study in man},
  volume = {24},
  timestamp = {2011-04-13 20:55:09},
  number = {5},
  journaltitle = {Neuropsychologia},
  shortjournal = {Neuropsychologia},
  author = {Vallar, G. and Perani, D.},
  date = {1986},
  pages = {609--22}
}

@article{Striemer2007,
  title = {Prism adaptation reduces the disengage deficit in right brain damage patients},
  volume = {18},
  doi = {10.1097/WNR.0b013e3280125670},
  timestamp = {2015-03-21 05:43:02},
  number = {1},
  journaltitle = {Neuroreport},
  shortjournal = {Neuroreport},
  author = {Striemer, C. and Danckert, James},
  date = {2007-01-08},
  pages = {99--103}
}

@article{Wojciulik2001,
  title = {Spatial working memory deficit in unilateral neglect},
  volume = {39},
  timestamp = {2011-04-13 20:55:09},
  number = {4},
  journaltitle = {Neuropsychologia},
  shortjournal = {Neuropsychologia},
  author = {Wojciulik, E. and Husain, M. and Clarke, K. and Driver, J.},
  date = {2001},
  pages = {390--6}
}

@article{Rubens1985,
  title = {Caloric stimulation and unilateral visual neglect},
  volume = {35},
  timestamp = {2011-04-13 20:55:09},
  number = {7},
  journaltitle = {Neurology},
  shortjournal = {Neurology},
  author = {Rubens, A. B.},
  date = {1985-07},
  pages = {1019--24}
}

@article{Wong2010,
  title = {Sensorimotor adaptation error signals are derived from realistic predictions of movement outcomes},
  volume = {14},
  url = {http://jn.physiology.org/content/jn/105/3/1130.full.pdf},
  timestamp = {2014-10-28 20:36:41},
  number = {5},
  journaltitle = {J Vis},
  shortjournal = {J Vis},
  author = {Wong, Aaron L. and Shelhamer, Mark},
  date = {2010}
}

@article{McLaughlin1967,
  title = {Parametric adjustment in saccadic eye movements},
  volume = {2},
  issn = {0031-5117, 1532-5962},
  doi = {10.3758/BF03210071},
  timestamp = {2014-09-14 17:04:39},
  number = {8},
  journaltitle = {Perception \& Psychophysics},
  shortjournal = {Perception \& Psychophysics},
  author = {{McLaughlin}, Samuel C.},
  date = {1967-08-01},
  pages = {359--362},
  langid = {english}
}

@article{Schindler2008,
  title = {The disengage deficit in hemispatial neglect is restricted to between-object shifts and is abolished by prism adaptation},
  volume = {192},
  issn = {0014-4819, 1432-1106},
  doi = {10.1007/s00221-008-1585-4},
  timestamp = {2015-02-20 18:27:04},
  number = {3},
  journaltitle = {Experimental Brain Research},
  shortjournal = {Exp Brain Res},
  author = {Schindler, I. and {McIntosh}, R. D. and Cassidy, T. P. and Birchall, D. and Benson, V. and Ietswaart, M. and Milner, A. D.},
  date = {2008-10-15},
  pages = {499--510},
  langid = {english}
}

@article{Serino2007,
  title = {Neglect treatment by prism adaptation: What recovers and for how long},
  timestamp = {2011-04-13 20:55:09},
  journaltitle = {Neuropsychological rehabilitation},
  shortjournal = {Neuropsychol. Rehabil.},
  author = {Serino, A. and Bonifazi, S. and Pierfederici, L. and Ladavas, E.},
  date = {2007-07-04},
  pages = {1}
}

@article{Mort2003,
  title = {The anatomy of visual neglect},
  volume = {126},
  timestamp = {2011-04-13 20:55:09},
  issue = {Pt 9},
  journaltitle = {Brain},
  shortjournal = {Brain},
  author = {Mort, D. J. and Malhotra, P. and Mannan, S. K. and Rorden, C. and Pambakian, A. and Kennard, C. and Husain, M.},
  date = {2003-09},
  pages = {1986--97}
}

@article{Farne2002,
  title = {Ameliorating neglect with prism adaptation: visuo-manual and visuo-verbal measures.},
  volume = {40},
  timestamp = {2015-03-18 21:49:38},
  number = {7},
  journaltitle = {Neuropsychologia},
  shortjournal = {Neuropsychologia},
  author = {Farnè, Alessandro and Rossetti, Yves and Toniolo, Silvia and Ladavas, Elisabetta},
  date = {2002},
  pages = {718--729}
}

@article{Pisella2004,
  title = {Impaired working memory for location but not for colour or shape in visual neglect: a comparison of parietal and non-parietal lesions},
  volume = {40},
  timestamp = {2011-04-13 20:55:09},
  number = {2},
  journaltitle = {Cortex; a journal devoted to the study of the nervous system and behavior},
  shortjournal = {Cortex J. Devoted Study Nerv. Syst. Behav.},
  author = {Pisella, L. and Berberovic, N. and Mattingley, J. B.},
  date = {2004-04},
  pages = {379--390}
}

@article{Desestret2013,
  title = {An Elderly Woman With Difficulty Reading and Abnormal Eye Movements:},
  volume = {33},
  issn = {1070-8022},
  doi = {10.1097/WNO.0b013e318292bf35},
  shorttitle = {An Elderly Woman With Difficulty Reading and Abnormal Eye Movements},
  timestamp = {2013-09-29 14:24:17},
  number = {3},
  journaltitle = {Journal of Neuro-Ophthalmology},
  shortjournal = {J. Neuroophthalmol.},
  author = {Desestret, Virginie and Streichenberger, Nathalie and Panouillères, Muriel and Pélisson, Denis and Plus, B. and Duyckaerts, Charles and Burns, Dennis K. and Scheiber, Christian and Vighetto, Alain and Tilikete, Caroline},
  date = {2013-09},
  pages = {296--301}
}

@article{Frassinetti2002,
  title = {Long-lasting amelioration of visuospatial neglect by prism adaptation},
  volume = {125},
  url = {http://brain.oxfordjournals.org/content/125/3/608.short},
  timestamp = {2013-10-17 14:08:43},
  number = {3},
  journaltitle = {Brain},
  shortjournal = {Brain},
  author = {Frassinetti, Francesca and Angeli, Valentina and Meneghello, Francesca and Avanzi, Stefano and Làdavas, Elisabetta},
  date = {2002},
  pages = {608--623}
}

@article{Catz2008,
  title = {Cerebellar-dependent motor learning is based on pruning a Purkinje cell population response.},
  volume = {105},
  doi = {10.1073/pnas.0706032105},
  timestamp = {2014-08-13 19:58:00},
  number = {20},
  journaltitle = {Proceedings of the National Academy of Sciences of the United States of America},
  shortjournal = {Proc. Natl. Acad. Sci. U. S. A.},
  author = {Catz, Nicolas and Dicke, Peter W and Thier, Peter},
  date = {2008-05},
  pages = {7309--7314}
}

@article{Awater2005,
  title = {Effect of saccadic adaptation on localization of visual targets.},
  volume = {93},
  issn = {0022-3077},
  doi = {10.1152/jn.01013.2003},
  timestamp = {2013-10-06 20:18:19},
  number = {6},
  journaltitle = {Journal of neurophysiology},
  shortjournal = {J. Neurophysiol.},
  author = {Awater, Holger and Burr, David and Lappe, Markus and Morrone, M Concetta and Goldberg, Michael E},
  date = {2005-06},
  pages = {3605--14}
}

@article{Morris2004,
  title = {Prism adaptation and spatial attention: a study of visual search in normals and patients with unilateral neglect},
  volume = {40},
  url = {http://www.sciencedirect.com.proxy.lib.uwaterloo.ca/science/article/pii/S0010945208701667},
  shorttitle = {Prism adaptation and spatial attention},
  timestamp = {2015-02-20 18:27:51},
  number = {4},
  journaltitle = {Cortex},
  shortjournal = {Cortex},
  author = {Morris, Adam P. and Kritikos, Ada and Berberovic, Nadja and Pisella, Laure and Chambers, Christopher D. and Mattingley, Jason B.},
  date = {2004},
  pages = {703--721}
}

@article{Posner1980,
  title = {Orienting of attention.},
  volume = {32},
  doi = {10.1080/00335558008248231},
  timestamp = {2013-10-06 20:34:16},
  number = {1},
  journaltitle = {Q J Exp Psychol},
  shortjournal = {Q J Exp Psychol},
  author = {Posner, M. I.},
  date = {1980-02},
  pages = {3--25}
}

@article{Corbetta2002,
  title = {Neural systems for visual orienting and their relationships to spatial working memory},
  volume = {14},
  timestamp = {2015-03-21 05:50:55},
  number = {3},
  journaltitle = {Journal of cognitive neuroscience},
  shortjournal = {J. Cogn. Neurosci.},
  author = {Corbetta, Maurizio and Kincade, J. M. and Shulman, G. L.},
  date = {2002-04-01},
  pages = {508--23}
}

@article{Robertson1995,
  title = {Sustained attention training for unilateral neglect: Theoretical and rehabilitation implications},
  volume = {17},
  issn = {1380-3395},
  doi = {10.1080/01688639508405133},
  shorttitle = {Sustained attention training for unilateral neglect},
  timestamp = {2014-11-20 18:26:12},
  number = {3},
  journaltitle = {Journal of Clinical and Experimental Neuropsychology},
  shortjournal = {J. Clin. Exp. Neuropsychol.},
  author = {Robertson, Ian H. and Tegnér, Richard and Tham, Kerstin and Lo, Ada and Nimmo-smith, Ian},
  date = {1995-06-01},
  pages = {416--430}
}

@article{Wilson1987,
  title = {Development of a behavioral test of visuospatial neglect.},
  volume = {68},
  url = {http://europepmc.org/abstract/med/3813864},
  timestamp = {2015-03-20 01:00:08},
  number = {2},
  journaltitle = {Archives of physical medicine and rehabilitation},
  shortjournal = {Arch. Phys. Med. Rehabil.},
  author = {Wilson, B. and Cockburn, J. and Halligan, P.},
  date = {1987},
  pages = {98--102}
}

@article{Schraa-Tam2009,
  title = {Cortical and cerebellar activation induced by reflexive and voluntary saccades},
  volume = {192},
  issn = {0014-4819, 1432-1106},
  doi = {10.1007/s00221-008-1569-4},
  timestamp = {2014-10-05 17:12:04},
  number = {2},
  journaltitle = {Experimental Brain Research},
  shortjournal = {Exp Brain Res},
  author = {Schraa-Tam, Caroline K. L. and Broekhoven, Phillippus van and Geest, Josef N. van der and Frens, Maarten A. and Smits, Marion and Lugt, Aad van der},
  date = {2009-01-01},
  pages = {175--187},
  langid = {english}
}

@article{Johnston2008,
  title = {Neurophysiology and neuroanatomy of reflexive and voluntary saccades in non-human primates},
  volume = {68},
  issn = {0278-2626},
  doi = {10.1016/j.bandc.2008.08.017},
  timestamp = {2015-03-20 01:00:16},
  number = {3},
  journaltitle = {Brain and Cognition},
  shortjournal = {Brain and Cognition},
  series = {A Hundred Years of Eye Movement Research in Psychiatry},
  author = {Johnston, Kevin and Everling, Stefan},
  date = {2008-12},
  pages = {271--283}
}

@article{Robertson1997,
  title = {Auditory sustained attention is a marker of unilateral spatial neglect},
  volume = {35},
  issn = {0028-3932},
  doi = {10.1016/S0028-3932(97)00084-5},
  timestamp = {2014-11-20 18:26:16},
  number = {12},
  journaltitle = {Neuropsychologia},
  shortjournal = {Neuropsychologia},
  author = {Robertson, Ian H and Manly, Tom and Beschin, Nicoletta and Daini, Roberta and Haeske-Dewick, Hilary and Hömberg, Volker and Jehkonen, Mervi and Pizzamiglio, Gino and Shiel, Agnes and Weber, Eugen},
  date = {1997-12},
  pages = {1527--1532}
}

@article{Muri2008,
  title = {Neurophysiology and neuroanatomy of reflexive and volitional saccades as revealed by lesion studies with neurological patients and transcranial magnetic stimulation ({TMS})},
  volume = {68},
  issn = {0278-2626},
  doi = {10.1016/j.bandc.2008.08.018},
  timestamp = {2014-10-05 18:56:07},
  number = {3},
  journaltitle = {Brain and Cognition},
  shortjournal = {Brain and Cognition},
  series = {A Hundred Years of Eye Movement Research in Psychiatry},
  author = {Müri, René M. and Nyffeler, Thomas},
  date = {2008-12},
  pages = {284--292}
}

@article{Husain2003,
  title = {Non-spatially lateralized mechanisms in hemispatial neglect},
  volume = {4},
  rights = {© 2003 Nature Publishing Group},
  issn = {1471-003X},
  doi = {10.1038/nrn1005},
  timestamp = {2014-11-24 00:56:05},
  number = {1},
  journaltitle = {Nature Reviews Neuroscience},
  shortjournal = {Nat Rev Neurosci},
  author = {Husain, Masud and Rorden, Chris},
  date = {2003-01},
  pages = {26--36},
  langid = {english}
}

@article{Mark1988,
  title = {Hemispatial neglect affected by non-neglected stimuli},
  volume = {38},
  issn = {0028-3878, 1526-632X},
  doi = {10.1212/WNL.38.8.1207},
  timestamp = {2015-03-21 02:22:04},
  number = {8},
  journaltitle = {Neurology},
  shortjournal = {Neurology},
  author = {Mark, Victor W. and Kooistra, Carol A. and Heilman, Kenneth M.},
  date = {1988-08-01},
  pages = {1207--1207},
  langid = {english}
}

@article{Deubel1995,
  title = {Separate adaptive mechanisms for the control of reactive and volitional saccadic eye movements},
  volume = {35},
  issn = {0042-6989},
  doi = {10.1016/0042-6989(95)00058-M},
  timestamp = {2015-03-18 22:10:52},
  number = {23–24},
  journaltitle = {Vision Research},
  shortjournal = {Vision Research},
  author = {Deubel, Heiner},
  date = {1995-12},
  pages = {3529--3540}
}

@article{Husain2001,
  pmid = {11335696},
  title = {Impaired spatial working memory across saccades contributes to abnormal search in parietal neglect},
  volume = {124},
  rights = {© Oxford University Press 2001},
  issn = {0006-8950, 1460-2156},
  doi = {10.1093/brain/124.5.941},
  timestamp = {2015-03-20 00:59:58},
  number = {5},
  journaltitle = {Brain},
  shortjournal = {Brain},
  author = {Husain, Masud and Mannan, Sabira and Hodgson, Tim and Wojciulik, Ewa and Driver, Jon and Kennard, Christopher},
  date = {2001-05-01},
  pages = {941--952},
  langid = {english}
}

@article{Zimmermann2009,
  pmid = {19726664},
  title = {Mislocalization of Flashed and Stationary Visual Stimuli after Adaptation of Reactive and Scanning Saccades},
  volume = {29},
  issn = {0270-6474, 1529-2401},
  doi = {10.1523/JNEUROSCI.1604-09.2009},
  timestamp = {2015-03-20 00:59:32},
  number = {35},
  journaltitle = {The Journal of Neuroscience},
  shortjournal = {J. Neurosci.},
  author = {Zimmermann, Eckart and Lappe, Markus},
  date = {2009-09-02},
  pages = {11055--11064},
  langid = {english}
}

@article{Parton2006,
  title = {Space re-exploration in hemispatial neglect:},
  volume = {17},
  issn = {0959-4965},
  doi = {10.1097/01.wnr.0000220130.86349.a7},
  shorttitle = {Space re-exploration in hemispatial neglect},
  timestamp = {2015-03-21 05:34:57},
  number = {8},
  journaltitle = {{NeuroReport}},
  shortjournal = {{NeuroReport}},
  author = {Parton, Andrew and Malhotra, Paresh and Nachev, Parashkev and Ames, Diane and Ball, Joanna and Chataway, Jeremy and Husain, Masud},
  date = {2006-05},
  pages = {833--836},
  langid = {english}
}

@article{Malhotra2005,
  title = {Spatial working memory capacity in unilateral neglect},
  volume = {128},
  issn = {0006-8950},
  doi = {10.1093/brain/awh372},
  timestamp = {2014-11-24 00:55:58},
  journaltitle = {Brain},
  shortjournal = {Brain},
  author = {Malhotra, P. and Jager, H. R. and Parton, A. and Greenwood, R. and Playford, E. D. and Brown, M. M. and Driver, J. and Husain, M.},
  date = {2005-02},
  pages = {424--435},
  langid = {english}
}

@article{Hernandez2008,
  title = {How does saccade adaptation affect visual perception?},
  volume = {8},
  issn = {, 1534-7362},
  doi = {10.1167/8.8.3},
  timestamp = {2014-10-15 18:17:39},
  number = {8},
  journaltitle = {Journal of Vision},
  shortjournal = {J Vis},
  author = {Hernandez, Teresa D. and Levitan, Carmel A. and Banks, Martin S. and Schor, Clifton M.},
  date = {2008-06-02},
  pages = {3},
  langid = {english}
}

@article{Garaas2011,
  pmid = {21199894},
  title = {Distorted object perception following whole-field adaptation of saccadic eye movements},
  volume = {11},
  issn = {, 1534-7362},
  doi = {10.1167/11.1.2},
  timestamp = {2015-03-20 00:59:15},
  number = {1},
  journaltitle = {Journal of Vision},
  shortjournal = {J Vis},
  author = {Garaas, Tyler W. and Pomplun, Marc},
  date = {2011-01-03},
  pages = {2},
  langid = {english}
}

@article{Panouilleres2009,
  pmid = {19091922},
  title = {Behavioral Evidence of Separate Adaptation Mechanisms Controlling Saccade Amplitude Lengthening and Shortening},
  volume = {101},
  rights = {Copyright © 2009 the American Physiological Society},
  issn = {0022-3077, 1522-1598},
  doi = {10.1152/jn.90988.2008},
  timestamp = {2014-11-13 17:08:07},
  number = {3},
  journaltitle = {Journal of Neurophysiology},
  shortjournal = {J. Neurophysiol.},
  author = {Panouillères, Muriel and Weiss, Tiffany and Urquizar, Christian and Salemme, Roméo and Munoz, Douglas P. and Pélisson, Denis},
  date = {2009-03-01},
  pages = {1550--1559},
  langid = {english}
}

@article{Mack1978,
  title = {Adaptation to an altered relation between retinal image displacements and saccadic eye movements},
  volume = {18},
  issn = {0042-6989},
  doi = {10.1016/0042-6989(78)90222-5},
  timestamp = {2014-10-25 16:36:01},
  number = {10},
  journaltitle = {Vision Research},
  shortjournal = {Vision Research},
  author = {Mack, Arien and Fendrich, Robert and Pleune, Joan},
  date = {1978},
  pages = {1321--1327}
}

@article{Frens1994,
  title = {Transfer of short-term adaptation in human saccadic eye movements},
  volume = {100},
  issn = {0014-4819, 1432-1106},
  doi = {10.1007/BF00227199},
  timestamp = {2014-10-25 19:10:10},
  number = {2},
  journaltitle = {Experimental Brain Research},
  shortjournal = {Exp Brain Res},
  author = {Frens, M. A. and Opstal, A. J. van},
  date = {1994-08-01},
  pages = {293--306},
  langid = {english}
}

@article{Awh2001,
  title = {Overlapping mechanisms of attention and spatial working memory},
  volume = {5},
  issn = {1364-6613},
  doi = {10.1016/S1364-6613(00)01593-X},
  timestamp = {2014-11-26 20:15:17},
  number = {3},
  journaltitle = {Trends in Cognitive Sciences},
  shortjournal = {Trends in Cognitive Sciences},
  author = {Awh, Edward and Jonides, John},
  date = {2001-03-01},
  pages = {119--126}
}

@article{Kommerell1976,
  title = {Adaptive programming of phasic and tonic components in saccadic eye movements. Investigations of patients with abducens palsy.},
  volume = {15},
  issn = {, 1552-5783},
  url = {http://www.iovs.org/content/15/8/657},
  timestamp = {2015-03-19 02:53:00},
  number = {8},
  journaltitle = {Investigative Ophthalmology \& Visual Science},
  shortjournal = {{IOVS}},
  author = {Kommerell, G. and Olivier, D. and Theopold, H.},
  date = {1976-08-01},
  pages = {657--660},
  langid = {english}
}

@article{Cassidy1998,
  title = {Recovery from visuospatial neglect in stroke patients},
  volume = {64},
  url = {http://jnnp.bmj.com.proxy.lib.uwaterloo.ca/content/64/4/555.short},
  timestamp = {2015-03-06 02:31:01},
  number = {4},
  journaltitle = {Journal of Neurology, Neurosurgery \& Psychiatry},
  shortjournal = {J. Neurol. Neurosurg. Psychiatry},
  author = {Cassidy, Timothy P. and Lewis, Susan and Gray, Christopher S.},
  date = {1998},
  pages = {555--557}
}

@article{Ringman2004,
  title = {Frequency, risk factors, anatomy, and course of unilateral neglect in an acute stroke cohort},
  volume = {63},
  url = {http://www.neurology.org.proxy.lib.uwaterloo.ca/content/63/3/468.short},
  timestamp = {2015-03-06 02:32:40},
  number = {3},
  journaltitle = {Neurology},
  shortjournal = {Neurology},
  author = {Ringman, J. M. and Saver, J. L. and Woolson, R. F. and Clarke, W. R. and Adams, H. P.},
  date = {2004},
  pages = {468--474}
}

@article{Striemer2010tpd,
  title = {Through a prism darkly: re-evaluating prisms and neglect},
  volume = {14},
  issn = {1364-6613},
  doi = {10.1016/j.tics.2010.04.001},
  shorttitle = {Through a prism darkly},
  timestamp = {2015-03-21 05:43:12},
  number = {7},
  journaltitle = {Trends in Cognitive Sciences},
  shortjournal = {Trends in Cognitive Sciences},
  author = {Striemer, Christopher L. and Danckert, James},
  date = {2010-07},
  pages = {308--316}
}

@article{Redding2005,
  title = {Applications of prism adaptation: a tutorial in theory and method},
  volume = {29},
  url = {http://www.sciencedirect.com/science/article/pii/S0149763405000059},
  shorttitle = {Applications of prism adaptation},
  timestamp = {2014-11-13 17:39:26},
  number = {3},
  journaltitle = {Neuroscience \& Biobehavioral Reviews},
  shortjournal = {Neurosci. Biobehav. Rev.},
  author = {Redding, Gordon M. and Rossetti, Yves and Wallace, Benjamin},
  date = {2005},
  pages = {431--444}
}

@article{Striemer2013,
  title = {Spatial Working Memory Deficits Represent a Core Challenge for Rehabilitating Neglect},
  volume = {7},
  issn = {1662-5161},
  doi = {10.3389/fnhum.2013.00334},
  timestamp = {2014-11-24 01:01:54},
  journaltitle = {Frontiers in Human Neuroscience},
  shortjournal = {Front. Hum. Neurosci.},
  author = {Striemer, Christopher L. and Ferber, Susanne and Danckert, James},
  date = {2013}
}

@article{Corbetta2005,
  title = {Neural basis and recovery of spatial attention deficits in spatial neglect},
  volume = {8},
  rights = {© 2005 Nature Publishing Group},
  issn = {1097-6256},
  doi = {10.1038/nn1574},
  timestamp = {2014-12-08 17:05:13},
  number = {11},
  journaltitle = {Nature Neuroscience},
  shortjournal = {Nat Neurosci},
  author = {Corbetta, Maurizio and Kincade, Michelle J. and Lewis, Chris and Snyder, Abraham Z. and Sapir, Ayelet},
  date = {2005-11},
  pages = {1603--1610},
  langid = {english}
}

@article{Corbetta2002a,
  title = {Control of goal-directed and stimulus-driven attention in the brain},
  volume = {3},
  rights = {© 2002 Nature Publishing Group},
  issn = {1471-003X},
  doi = {10.1038/nrn755},
  timestamp = {2014-12-08 17:05:14},
  number = {3},
  journaltitle = {Nature Reviews Neuroscience},
  shortjournal = {Nat Rev Neurosci},
  author = {Corbetta, Maurizio and Shulman, Gordon L.},
  date = {2002-03},
  pages = {201--215},
  langid = {english}
}

@article{Corbetta2011,
  title = {Spatial neglect and attention networks},
  volume = {34},
  url = {http://www-ncbi-nlm-nih-gov.proxy.lib.uwaterloo.ca/pmc/articles/PMC3790661/},
  timestamp = {2015-03-06 02:43:06},
  journaltitle = {Annual review of neuroscience},
  shortjournal = {Annu. Rev. Neurosci.},
  author = {Corbetta, Maurizio and Shulman, Gordon L.},
  date = {2011},
  pages = {569}
}

@article{Bays2009,
  pmid = {19810788},
  title = {The precision of visual working memory is set by allocation of a shared resource},
  volume = {9},
  issn = {, 1534-7362},
  doi = {10.1167/9.10.7},
  timestamp = {2015-03-06 20:03:13},
  number = {10},
  journaltitle = {Journal of Vision},
  shortjournal = {J Vis},
  author = {Bays, Paul M. and Catalao, Raquel F. G. and Husain, Masud},
  date = {2009-09-09},
  pages = {7},
  langid = {english}
}

@article{Rossetti1998,
  title = {Prism adaptation to a rightward optical deviation rehabilitates left hemispatial neglect},
  volume = {395},
  issn = {0028-0836},
  doi = {10.1038/25988},
  timestamp = {2015-03-21 05:50:04},
  number = {6698},
  journaltitle = {Nature},
  shortjournal = {Nature},
  author = {Rossetti, Y. and Rode, G. and Pisella, L. and Farnè, Alessandro and Li, L. and Boisson, D. and Perenin, M. T.},
  date = {1998-09-10},
  pages = {166--169},
  langid = {english}
}

@article{Rousseaux2006,
  pmid = {16373638},
  title = {Ineffectiveness of Prism Adaptation on Spatial Neglect Signs},
  volume = {37},
  issn = {0039-2499, 1524-4628},
  doi = {10.1161/01.STR.0000198877.09270.e8},
  timestamp = {2015-03-13 16:34:09},
  number = {2},
  journaltitle = {Stroke},
  shortjournal = {Stroke},
  author = {Rousseaux, Marc and Bernati, Thérèse and Saj, Arnaud and Kozlowski, Odile},
  date = {2006-02-01},
  pages = {542--543},
  langid = {english}
}

@article{Humphreys2009,
  title = {Fractionating the Binding Process: Neuropsychological Evidence From Reversed Search Efficiencies},
  volume = {35},
  issn = {0096-1523},
  doi = {10.1037/a0013705},
  shorttitle = {Fractionating the Binding Process},
  timestamp = {2015-03-13 22:53:50},
  number = {3},
  journaltitle = {Journal of Experimental Psychology-Human Perception and Performance},
  shortjournal = {J. Exp. Psychol.-Hum. Percept. Perform.},
  author = {Humphreys, Glyn W. and Hodsoll, John and Riddoch, M. Jane},
  date = {2009-06},
  pages = {627--647},
  langid = {english}
}

@article{Morrow1988,
  title = {The disengagement of covert attention and the neglect syndrome},
  volume = {16},
  issn = {0889-6313},
  doi = {10.3758/BF03327316},
  timestamp = {2015-03-19 02:52:55},
  number = {3},
  journaltitle = {Psychobiology},
  shortjournal = {Psychobiology},
  author = {Morrow, Lisa A. and Ratcliff, Graham},
  date = {1988},
  pages = {261--269},
  langid = {english}
}

@article{Foxe2003,
  title = {Right hemisphere control of visuospatial attention: line-bisection judgments evaluated with high-density electrical mapping and source analysis},
  volume = {19},
  issn = {1053-8119},
  doi = {10.1016/S1053-8119(03)00057-0},
  shorttitle = {Right hemisphere control of visuospatial attention},
  timestamp = {2015-03-21 02:18:55},
  number = {3},
  journaltitle = {{NeuroImage}},
  shortjournal = {{NeuroImage}},
  author = {Foxe, John J. and {McCourt}, Mark E. and Javitt, Daniel C.},
  date = {2003-07},
  pages = {710--726}
}

@article{Weiss2000,
  pmid = {11099454},
  title = {Neural consequences of acting in near versus far space: a physiological basis for clinical dissociations},
  volume = {123},
  rights = {© Oxford University Press 2000},
  issn = {0006-8950, 1460-2156},
  doi = {10.1093/brain/123.12.2531},
  shorttitle = {Neural consequences of acting in near versus far space},
  timestamp = {2015-03-14 01:39:27},
  number = {12},
  journaltitle = {Brain},
  shortjournal = {Brain},
  author = {Weiss, Peter H. and Marshall, John C. and Wunderlich, Gilbert and Tellmann, Lutz and Halligan, Peter W. and Freund, Hans-Joachim and Zilles, Karl and Fink, Gereon R.},
  date = {2000-12-01},
  pages = {2531--2541},
  langid = {english}
}

@article{Cicek2009,
  title = {Brain activity during landmark and line bisection tasks},
  volume = {3},
  issn = {16625161},
  doi = {10.3389/neuro.09.007.2009},
  timestamp = {2015-03-18 20:33:14},
  journaltitle = {Frontiers in Human Neuroscience},
  shortjournal = {Front. Hum. Neurosci.},
  author = {Çiçek, Metehan},
  date = {2009}
}

@article{Bowers1980,
  title = {Pseudoneglect: Effects of hemispace on a tactile line bisection task},
  volume = {18},
  issn = {0028-3932},
  doi = {10.1016/0028-3932(80)90151-7},
  shorttitle = {Pseudoneglect},
  timestamp = {2015-03-14 01:30:30},
  number = {4–5},
  journaltitle = {Neuropsychologia},
  shortjournal = {Neuropsychologia},
  author = {Bowers, Dawn and Heilman, Kenneth M.},
  date = {1980},
  pages = {491--498}
}

@article{Bradshaw1986,
  title = {Leftwards error in bisecting the gap between two points: Stimulus quality and hand effects},
  volume = {24},
  issn = {0028-3932},
  doi = {10.1016/0028-3932(86)90084-9},
  shorttitle = {Leftwards error in bisecting the gap between two points},
  timestamp = {2015-03-14 01:31:06},
  number = {6},
  journaltitle = {Neuropsychologia},
  shortjournal = {Neuropsychologia},
  author = {Bradshaw, John L. and Bradshaw, Judy A. and Nathan, Greg and Nettleton, Norman C. and Wilson, Lyn E.},
  date = {1986},
  pages = {849--855}
}

@article{Scarisbrick1987,
  title = {Hand preference and performance effects on line bisection},
  volume = {25},
  issn = {0028-3932},
  doi = {10.1016/0028-3932(87)90061-3},
  timestamp = {2015-03-14 01:31:33},
  number = {4},
  journaltitle = {Neuropsychologia},
  shortjournal = {Neuropsychologia},
  author = {Scarisbrick, David J. and Tweedy, James R. and Kuslansky, Gail},
  date = {1987},
  pages = {695--699}
}

@article{Rode1997,
  title = {Predominance of postural imbalance in left hemiparetic patients.},
  volume = {29},
  url = {http://europepmc.org/abstract/med/9084100},
  timestamp = {2015-03-14 02:43:11},
  number = {1},
  journaltitle = {Scandinavian journal of rehabilitation medicine},
  shortjournal = {Scand. J. Rehabil. Med.},
  author = {Rode, G. and Tiliket, C. and Boisson, D.},
  date = {1997},
  pages = {11--16}
}

@article{Halligan1989,
  title = {Visuospatial neglect: underlying factors and test sensitivity},
  volume = {334},
  issn = {0140-6736},
  doi = {10.1016/S0140-6736(89)91561-4},
  shorttitle = {{VISUOSPATIAL} {NEGLECT}},
  timestamp = {2015-03-21 05:47:20},
  number = {8668},
  journaltitle = {The Lancet},
  shortjournal = {The Lancet},
  series = {Originally published as Volume 2, Issue 8668},
  author = {Halligan, P. W. and Marshall, J. C. and Wade, D. T.},
  date = {1989-10-14},
  pages = {908--911}
}

@article{Adair2003,
  title = {Caloric stimulation in neglect: Evaluation of response as a function of neglect type},
  volume = {9},
  issn = {1469-7661},
  doi = {10.1017/S1355617703970020},
  shorttitle = {Caloric stimulation in neglect},
  timestamp = {2015-03-18 19:46:37},
  number = {07},
  journaltitle = {Journal of the International Neuropsychological Society},
  shortjournal = {J. Int. Neuropsychol. Soc.},
  author = {Adair, John C. and Na, Duk L. and Schwartz, Ronald L. and Heilman, Kenneth M.},
  date = {2003-11},
  pages = {983--988}
}

@article{Peirce2007,
  title = {{PsychoPy} - Psychophysics software in Python},
  volume = {162},
  issn = {0165-0270},
  doi = {10.1016/j.jneumeth.2006.11.017},
  timestamp = {2015-03-21 02:02:44},
  number = {1–2},
  journaltitle = {Journal of Neuroscience Methods},
  shortjournal = {Journal of Neuroscience Methods},
  author = {Peirce, Jonathan W.},
  date = {2007-05-15},
  pages = {8--13}
}

@article{Eglin1989,
  title = {Visual search performance in the neglect syndrome},
  volume = {1},
  url = {http://www.mitpressjournals.org.proxy.lib.uwaterloo.ca/doi/abs/10.1162/jocn.1989.1.4.372},
  timestamp = {2015-03-18 21:44:46},
  number = {4},
  journaltitle = {Journal of Cognitive Neuroscience},
  shortjournal = {J. Cogn. Neurosci.},
  author = {Eglin, Mirjam and Robertson, Lynn C. and Knight, Robert T.},
  date = {1989},
  pages = {372--385}
}

@article{Farne2004,
  title = {Patterns of spontaneous recovery of neglect and associated disorders in acute right brain-damaged patients},
  volume = {75},
  url = {http://jnnp.bmj.com.proxy.lib.uwaterloo.ca/content/75/10/1401.short},
  timestamp = {2015-03-21 05:49:09},
  number = {10},
  journaltitle = {Journal of Neurology, Neurosurgery \& Psychiatry},
  shortjournal = {J. Neurol. Neurosurg. Psychiatry},
  author = {Farnè, Alessandro and Buxbaum, L. J. and Ferraro, M. and Frassinetti, F. and Whyte, J. and Veramonti, T. and Angeli, V. and Coslett, H. B. and Ladavas, E.},
  date = {2004},
  pages = {1401--1410}
}

@article{Herlihey2012,
  title = {Terminal, but not concurrent prism exposure produces perceptual aftereffects in healthy young adults},
  volume = {50},
  url = {http://www.sciencedirect.com.proxy.lib.uwaterloo.ca/science/article/pii/S002839321200348X},
  timestamp = {2015-03-18 22:26:31},
  number = {12},
  journaltitle = {Neuropsychologia},
  shortjournal = {Neuropsychologia},
  author = {Herlihey, Tracey A. and Black, Sandra E. and Ferber, Susanne},
  date = {2012},
  pages = {2789--2795}
}

@article{Karnath2012,
  title = {The anatomy of spatial neglect},
  volume = {50},
  url = {http://www.sciencedirect.com.proxy.lib.uwaterloo.ca/science/article/pii/S0028393211003083},
  timestamp = {2015-03-18 22:32:51},
  number = {6},
  journaltitle = {Neuropsychologia},
  shortjournal = {Neuropsychologia},
  author = {Karnath, Hans-Otto and Rorden, Christopher},
  date = {2012},
  pages = {1010--1017}
}

@article{Karnath1993,
  title = {Decrease of contralateral neglect by neck muscle vibration and spatial orientation of trunk midline},
  volume = {116},
  url = {http://brain.oxfordjournals.org.proxy.lib.uwaterloo.ca/content/116/2/383.short},
  timestamp = {2015-03-18 22:33:49},
  number = {2},
  journaltitle = {Brain},
  shortjournal = {Brain},
  author = {Karnath, H. O. and Christ, K. and Hartje, W.},
  date = {1993},
  pages = {383--396}
}

@article{Karnath1996,
  title = {Ocular exploration of space as a function of neck proprioceptive and vestibular input—observations in normal subjects and patients with spatial neglect after parietal lesions},
  volume = {109},
  url = {http://link.springer.com.proxy.lib.uwaterloo.ca/article/10.1007/BF00231791},
  timestamp = {2015-03-18 22:34:22},
  number = {2},
  journaltitle = {Experimental Brain Research},
  shortjournal = {Exp. Brain Res.},
  author = {Karnath, H.-O. and Fetter, M. and Dichgans, J.},
  date = {1996},
  pages = {333--342}
}

@article{Kerkhoff2001,
  title = {Spatial hemineglect in humans},
  volume = {63},
  issn = {0301-0082},
  doi = {10.1016/S0301-0082(00)00028-9},
  timestamp = {2015-03-19 02:53:07},
  number = {1},
  journaltitle = {Progress in Neurobiology},
  shortjournal = {Progress in Neurobiology},
  author = {Kerkhoff, Georg},
  date = {2001-01-01},
  pages = {1--27}
}

@inbook{Matin1982,
  title = {Visual Localization and Eye Movements},
  rights = {©1982 Springer-Verlag {US}},
  isbn = {978-1-4613-3571-9, 978-1-4613-3569-6},
  url = {http://link.springer.com.proxy.lib.uwaterloo.ca/chapter/10.1007/978-1-4613-3569-6_5},
  timestamp = {2015-03-19 02:35:06},
  number = {20},
  booktitle = {Tutorials on Motion Perception},
  series = {{NATO} Conference Series},
  publisher = {Springer {US}},
  author = {Matin, Leonard},
  editor = {Wertheim, Alexander H. and Wagenaar, Willem A. and Leibowitz, Herschel W.},
  date = {1982},
  pages = {101--156},
  langid = {english}
}

@article{Nijboer2008,
  title = {Prism adaptation improves voluntary but not automatic orienting in neglect},
  volume = {19},
  url = {http://journals.lww.com/neuroreport/Abstract/2008/02120/Prism_adaptation_improves_voluntary_but_not.7.aspx},
  timestamp = {2015-03-19 02:56:53},
  number = {3},
  journaltitle = {Neuroreport},
  shortjournal = {Neuroreport},
  author = {Nijboer, Tanja {CW} and {McIntosh}, Rob D. and Nys, Gudrun {MS} and Dijkerman, H. Chris and Milner, A. David},
  date = {2008},
  pages = {293--298}
}

@article{Dodge1900,
  title = {Visual perception during eye movement},
  volume = {7},
  rights = {(c) 2012 {APA}, all rights reserved},
  issn = {1939-1471(Electronic);0033-295X(Print)},
  doi = {10.1037/h0067215},
  timestamp = {2015-03-19 02:36:54},
  number = {5},
  journaltitle = {Psychological Review},
  shortjournal = {Psychol. Rev.},
  author = {Dodge, Raymond},
  date = {1900},
  pages = {454--465}
}

@article{Mackay1970,
  title = {Mislocation of Test Flashes During Saccadic Image Displacements},
  volume = {227},
  issn = {0028-0836},
  doi = {10.1038/227731a0},
  timestamp = {2015-03-19 02:39:02},
  number = {5259},
  journaltitle = {Nature},
  shortjournal = {Nature},
  author = {Mackay, Dm},
  date = {1970},
  pages = {731--\&},
  langid = {english}
}

@article{Volkmann1978,
  title = {Contrast Sensitivity During Saccadic Eye-Movements},
  volume = {18},
  issn = {0042-6989},
  doi = {10.1016/0042-6989(78)90104-9},
  timestamp = {2015-03-19 02:43:27},
  number = {9},
  journaltitle = {Vision Research},
  shortjournal = {Vision Res.},
  author = {Volkmann, Fc and Riggs, La and White, Kd and Moore, Rk},
  date = {1978},
  pages = {1193--1199},
  langid = {english}
}

@article{Campbell1978,
  title = {Saccadic Omission - Why We Do Not See a Grey-Out During a Saccadic Eye-Movement},
  volume = {18},
  issn = {0042-6989},
  timestamp = {2015-03-19 02:43:35},
  number = {10},
  journaltitle = {Vision Research},
  shortjournal = {Vision Res.},
  author = {Campbell, Fw and Wurtz, Rh},
  date = {1978},
  pages = {1297--1303},
  langid = {english}
}

@article{Miller1981,
  title = {Saccadic plasticity: parametric adaptive control by retinal feedback.},
  volume = {7},
  url = {http://psycnet.apa.org.proxy.lib.uwaterloo.ca/journals/xhp/7/2/356/},
  shorttitle = {Saccadic plasticity},
  timestamp = {2015-03-19 02:48:51},
  number = {2},
  journaltitle = {Journal of Experimental Psychology: Human Perception and Performance},
  shortjournal = {J. Exp. Psychol. Hum. Percept. Perform.},
  author = {Miller, Joel M. and Anstis, Tania and Templeton, W. B.},
  date = {1981},
  pages = {356}
}

@article{Nys2008,
  title = {Acute neglect rehabilitation using repetitive prism adaptation: a randomized placebo-controlled trial},
  volume = {26},
  url = {http://iospress.metapress.com.proxy.lib.uwaterloo.ca/index/482514h773g4kn13.pdf},
  shorttitle = {Acute neglect rehabilitation using repetitive prism adaptation},
  timestamp = {2015-03-19 02:58:04},
  number = {1},
  journaltitle = {Restorative neurology and neuroscience},
  shortjournal = {Restor. Neurol. Neurosci.},
  author = {Nys, G. M. S. and De Haan, E. H. F. and Kunneman, A. and De Kort, P. L. M. and Dijkerman, H. C.},
  date = {2008},
  pages = {1--12}
}

@article{Wansard2014,
  title = {Visual neglect: Is there a relationship between impaired spatial working memory and re-cancellation?},
  volume = {232},
  issn = {0014-4819, 1432-1106},
  doi = {10.1007/s00221-014-4028-4},
  shorttitle = {Visual neglect},
  timestamp = {2015-03-19 03:09:55},
  number = {10},
  journaltitle = {Experimental Brain Research},
  shortjournal = {Exp Brain Res},
  author = {Wansard, Murielle and Meulemans, Thierry and Gillet, Sophie and Segovia, Fermin and Bastin, Christine and Toba, Monica N. and Bartolomeo, Paolo},
  date = {2014-07-03},
  pages = {3333--3343},
  langid = {english}
}

@article{Solman2012,
  title = {Found and missed: Failing to recognize a search target despite moving it},
  volume = {123},
  issn = {0010-0277},
  doi = {10.1016/j.cognition.2011.12.006},
  shorttitle = {Found and missed},
  timestamp = {2015-03-19 03:29:51},
  number = {1},
  journaltitle = {Cognition},
  shortjournal = {Cognition},
  author = {Solman, Grayden J. F. and Cheyne, J. Allan and Smilek, Daniel},
  date = {2012-04},
  pages = {100--118}
}

@article{Rich2008,
  title = {Why do we miss rare targets? Exploring the boundaries of the low prevalence effect},
  volume = {8},
  url = {http://www.journalofvision.org/content/8/15/15.short},
  shorttitle = {Why do we miss rare targets?},
  timestamp = {2015-03-19 03:30:57},
  number = {15},
  journaltitle = {Journal of Vision},
  shortjournal = {J. Vis.},
  author = {Rich, Anina N. and Kunar, Melina A. and Van Wert, Michael J. and Hidalgo-Sotelo, Barbara and Horowitz, Todd S. and Wolfe, Jeremy M.},
  date = {2008},
  pages = {15}
}

@article{Rossi1990,
  title = {Fresnel prisms improve visual perception in stroke patients with homonymous hemianopia or unilateral visual neglect},
  volume = {40},
  url = {http://www.neurology.org.proxy.lib.uwaterloo.ca/content/40/10/1597.short},
  timestamp = {2015-03-19 20:50:42},
  number = {10},
  journaltitle = {Neurology},
  shortjournal = {Neurology},
  author = {Rossi, Peter W. and Kheyfets, Solomon and Reding, Michael J.},
  date = {1990},
  pages = {1597--1597}
}

@article{Straube1997,
  pmid = {9065856},
  title = {Characteristics of Saccadic Gain Adaptation in Rhesus Macaques},
  volume = {77},
  rights = {Copyright © 1997 the American Physiological Society},
  issn = {0022-3077, 1522-1598},
  url = {http://jn.physiology.org.proxy.lib.uwaterloo.ca/content/77/2/874},
  timestamp = {2015-03-19 21:15:29},
  number = {2},
  journaltitle = {Journal of Neurophysiology},
  shortjournal = {J. Neurophysiol.},
  author = {Straube, Andreas and Fuchs, Albert F. and Usher, Susan and Robinson, Farrel R.},
  date = {1997-02-01},
  pages = {874--895},
  langid = {english}
}

@article{Wheeler2002,
  title = {Binding in short-term visual memory.},
  volume = {131},
  issn = {1939-2222, 0096-3445},
  doi = {10.1037/0096-3445.131.1.48},
  timestamp = {2015-03-19 22:24:37},
  number = {1},
  journaltitle = {Journal of Experimental Psychology: General},
  shortjournal = {J. Exp. Psychol. Gen.},
  author = {Wheeler, Mary E. and Treisman, Anne M.},
  date = {2002},
  pages = {48--64},
  langid = {english}
}

@article{Turton2010,
  title = {A single blinded randomised controlled pilot trial of prism adaptation for improving self-care in stroke patients with neglect},
  volume = {20},
  url = {http://www.tandfonline.com.proxy.lib.uwaterloo.ca/doi/abs/10.1080/09602010903040683},
  timestamp = {2015-03-19 22:36:25},
  number = {2},
  journaltitle = {Neuropsychological Rehabilitation},
  shortjournal = {Neuropsychol. Rehabil.},
  author = {Turton, Ailie J. and O'Leary, Kelly and Gabb, Judith and Woodward, Rebecca and Gilchrist, Iain D.},
  date = {2010},
  pages = {180--196}
}

@article{Verdon2010,
  title = {Neuroanatomy of hemispatial neglect and its functional components: a study using voxel-based lesion-symptom mapping},
  volume = {133},
  url = {http://brain.oxfordjournals.org.proxy.lib.uwaterloo.ca/content/133/3/880.short},
  shorttitle = {Neuroanatomy of hemispatial neglect and its functional components},
  timestamp = {2015-03-19 22:50:38},
  number = {3},
  journaltitle = {Brain},
  shortjournal = {Brain},
  author = {Verdon, Vincent and Schwartz, Sophie and Lovblad, Karl-Olof and Hauert, Claude-Alain and Vuilleumier, Patrik},
  date = {2010},
  pages = {880--894}
}

@article{Buxbaum2004,
  title = {Hemispatial neglect subtypes, neuroanatomy, and disability},
  volume = {62},
  url = {http://www.neurology.org.proxy.lib.uwaterloo.ca/content/62/5/749.short},
  timestamp = {2015-03-21 05:49:44},
  number = {5},
  journaltitle = {Neurology},
  shortjournal = {Neurology},
  author = {Buxbaum, L. J. and Ferraro, M. K. and Veramonti, T. and Farnè, Alessandro and Whyte, {JMDP} and Ladavas, E. and Frassinetti, F. and Coslett, H. B.},
  date = {2004},
  pages = {749--756}
}


