@misc{Jones2001,
  author =    {Eric Jones and Travis Oliphant and Pearu Peterson and others},
  title =     {{SciPy}: Open source scientific tools for {Python}},
  year =      {2001--},
  url = "http://www.scipy.org/",
}

  @Manual{R,
    title = {R: A Language and Environment for Statistical Computing},
    author = {{R Core Team}},
    organization = {R Foundation for Statistical Computing},
    address = {Vienna, Austria},
    year = {2014},
    url = {http://www.R-project.org/},
  }
  
@Manual{dplyr,
  title = {dplyr: A Grammar of Data Manipulation},
  author = {Hadley Wickham and Romain Francois},
  year = {2015},
  note = {R package version 0.4.1},
  url = {http://CRAN.R-project.org/package=dplyr},
}

@Manual{ez,
  title = {ez: Easy analysis and visualization of factorial experiments.},
  author = {Michael A. Lawrence},
  year = {2013},
  note = {R package version 4.2-2},
  url = {http://CRAN.R-project.org/package=ez},
}

@Article{reshape2,
  title = {Reshaping Data with the {reshape} Package},
  author = {Hadley Wickham},
  journal = {Journal of Statistical Software},
  year = {2007},
  volume = {21},
  number = {12},
  pages = {1--20},
  url = {http://www.jstatsoft.org/v21/i12/},
}

@Book{ggplot2,
  author = {Hadley Wickham},
  title = {ggplot2: elegant graphics for data analysis},
  publisher = {Springer New York},
  year = {2009},
  isbn = {978-0-387-98140-6},
  url = {http://had.co.nz/ggplot2/book},
}

@Article{,
  title = {{nparcomp}: An {R} Software Package for Nonparametric Multiple Comparisons and Simultaneous Confidence Intervals},
  author = {Frank Konietschke and Marius Placzek and Frank Schaarschmidt and Ludwig A. Hothorn},
  journal = {Journal of Statistical Software},
  year = {2014},
  volume = {61},
  number = {10},
  pages = {1--17},
  url = {http://www.jstatsoft.org/v61/i10/},
}

